
@BOOK {tobysegaran2007,
    author    = "Toby Segaran",
    title     = "Programming Collective Intelligence: Building Smart Web 2.0 Applications",
    publisher = "O'Reilly",
    year      = "2007"
}

@ONLINE {mohammedaturban2013,
    author = "Mohammed Aturban",
    title  = "Assigment 9",
    year   = "2013",
    url    = "https://github.com/maturban/cs595-f13/blob/master/assignment9/latex/Mohamed_Aturban_Assignment_9.tex"
}

@ONLINE {shawnjones2013,
    author = "Shawn Jones",
    title = "Assignment 9",
    year = "2013",
    url = "https://github.com/shawnmjones/cs595-f13/tree/master/assignment9"
}
@ONLINE {unknown,
    author = "unknown",
    title  = "Precision and Recall",
    url    = "https://en.wikipedia.org/wiki/Precision_and_recall"
}