 
@ONLINE {grouplens2016,
    author = "GroupLens",
    title  = "MovieLens 100K Dataset",
    year   = "2016",
    url    = "http://grouplens.org/datasets/movielens/100k/"
}

@ARTICLE {fmaxwellharperjosephakonstan2015,
    author  = "F. Maxwell Harper, Joseph A. Konstan",
    title   = "The MovieLens Datasets: History and Context",
    journal = "ACM Transactions on Interactive Intelligent Systems",
    year    = "2015",
    number  = "19",
    month   = "dec"
}

@BOOK {tobysegaran2007,
    author    = "Toby Segaran",
    title     = "Programming Collective Intelligence: Building Smart Web 2.0 Applications",
    publisher = "O'Reilly",
    year      = "2007"
}