@ONLINE {tweepyFollowerList,
    author = "Joshua Roesslein",
    title  = "Cursor Tutorial",
    year   = "2009",
    url    = "http://docs.tweepy.org/en/latest/cursor_tutorial.html"
}

@ONLINE {pythonsoftwarefoundation2016,
    author = "Python Software Foundation",
    title  = "The Document Object Model API",
    month  = "jan",
    year   = "2016",
    url    = "https://docs.python.org/2/library/xml.dom.html"
}

@ONLINE {mohammedaturban2013,
    author = "Mohammed Aturban",
    title  = "Assigment 9",
    year   = "2013",
    url    = "https://github.com/maturban/cs595-f13/blob/master/assignment9/latex/Mohamed_Aturban_Assignment_9.tex"
}