@ONLINE {mohammedaturban2013,
    author = "Mohammed Aturban",
    title  = "Assigment 9",
    year   = "2013",
    url    = "https://github.com/maturban/cs595-f13/blob/master/assignment9/latex/Mohamed_Aturban_Assignment_9.tex"
}

@ARTICLE{waynewzachary1977,
    author  = "Wayne W. Zachary",
    title   = "An Information Flow Model for Conflict and Fission in Small Groups",
    journal = "Journal of Anthropological Research",
    year    = "1977",
    volume  = "33",
    number  = "4",
    pages   = "452-473"
}

@ONLINE {rickyho2012,
    author = "Ricky Ho",
    title  = "Basic graph analytics using igraph",
    month  = "apr",
    year   = "2012",
    url    = "http://horicky.blogspot.com/2012/04/basic-graph-analytics-using-igraph.html"
}
@ONLINE {theigraphcoreteam,
    author = "The igraph core team",
    title  = "Connected components of a graph",
    url    = "http://igraph.org/r/doc/components.html"
}
@ONLINE {zachData,
    author = "W. W. Zachary",
    title  = "Zachary's Karate Club",
    url    = "https://networkdata.ics.uci.edu/data.php?id=105"
}
@ONLINE {theigraphcoreteam,
    author = "The Igraph Core Team",
    title  = "The igraph library",
    url    = "http://cneurocvs.rmki.kfki.hu/igraph/screenshots2.html"
}
@ONLINE {michaelnelson,
    author = "Michael Nelson",
    title  = "Social Networks",
    url    = "https://github.com/phonedude/cs532-s16/blob/master/slides/week-06-social-networks.ppt?raw=true"
}