@ONLINE {joshuarosslein2009,
    author = "Joshua Rosslein",
    title  = "API Reference",
    year   = "2009",
    url    = "http://docs.tweepy.org/en/latest/api.html"
}

@ONLINE {twitterinc2016,
    author = "Twitter Inc",
    title  = "https://dev.twitter.com/rest/public/rate-limiting",
    year   = "2016",
    url    = "https://dev.twitter.com/rest/public/rate-limiting"
}

@ONLINE {mikebostock2015,
    author = "Mike Bostock",
    title  = "Data-Driven Documents",
    year   = "2015",
    url    = "https://d3js.org/"
}
@ONLINE {marcosvanetta2014,
    author = "Marcos Vanetta",
    title  = "gender-detector 0.0.4",
    year   = "2014",
    url    = "https://pypi.python.org/pypi/gender-detector/0.0.4"
}

@ONLINE {michaelnelson,
    author = "Michael Nelson",
    title  = "Selection and Social Influence Slides",
    url    = "http://phonedude.github.io/cs532-s16/"
}
@ONLINE {mikebostock2016,
    author = "Mike Bostock",
    title  = "Basic Directional Force Layout Diagram",
    month  = "feb",
    year   = "2016",
    url    = "http://bl.ocks.org/d3noob/5141278"
}